@article{Pennec:AnnStat:2018,
  author = {Xavier Pennec},
  title = {{Barycentric subspace analysis on manifolds}},
  volume = {46},
  journal = {The Annals of Statistics},
  number = {6A},
  publisher = {Institute of Mathematical Statistics},
  pages = {2711 -- 2746},
  keywords = {Barycenter, flag of subspaces, Fr√©chet mean, Manifold, PCA},
  year = {2018},
  doi = {10.1214/17-AOS1636},
  URL = {https://doi.org/10.1214/17-AOS1636}
}

@inbook{Pennec:Advances:Chapter:2020,
  chapter = {Advances in geometric statistics for manifold dimension reduction},
  title = {Handbook of Variational Methods for Nonlinear Geometric Data},
  author={Pennec, Xavier},
  year={2020},
  editor={Phillip Grohs and Martin Holler and Andreas Weinmann},
  publisher={Springer International Publishing}
}

@incollection{Sommer:Pennec:etal:2020,
  title={Introduction to differential and {Riemannian} geometry},
  author={Sommer, Stefan and Fletcher, Tom and Pennec, Xavier},
  booktitle={Riemannian Geometric Statistics in Medical Image Analysis},
  pages={3--37},
  year={2020},
  publisher={Elsevier}
}

@book{Warner:liegroups:book,
  title={Foundations of differentiable manifolds and Lie groups},
  author={Warner, Frank W},
  volume={94},
  year={2013},
  publisher={Springer Science \& Business Media}
}

@misc{wikipedia:metric:2021,
  title={Metric},
  howpublished={\url{http://wikipedia.org/wiki/Metric}},
  author={Internet},
  year={2021},
  month={July}
}

@misc{Video:Geodesics:Crane,
  title={Lecture 20: Geodesics (Discrete Differential Geometry)},
  howpublished={\url{https://www.youtube.com/watch?v=uojNGbVtlsQ}},
  author={Keenan Crane},
  year={2021},
  month={July}
}

@misc{wikipedia:geodesic:2021,
  title={Geodesic},
  howpublished={\url{http://wikipedia.org/wiki/Geodesic}},
  author={Internet},
  year={2021},
  month={July}
}

@misc{wikipedia:zero:dimensional:2021,
  title={Zero Dimensional Space},
  howpublished={\url{http://wikipedia.org/wiki/Zero-dimensional_space}},
  author={Internet}
  year={2021}
  month={July}
}


@article{Damon:Marron:JMIV2014,
	author = {Damon, James and Marron, J. S.},
	da = {2014/09/01},
	date-added = {2021-07-02 17:38:18 -0300},
	date-modified = {2021-07-02 17:38:18 -0300},
	doi = {10.1007/s10851-013-0463-2},
	id = {Damon2014},
	isbn = {1573-7683},
	journal = {Journal of Mathematical Imaging and Vision},
	number = {1},
	pages = {107--114},
	title = {Backwards Principal Component Analysis and Principal Nested Relations},
	ty = {JOUR},
	url = {https://doi.org/10.1007/s10851-013-0463-2},
	volume = {50},
	year = {2014},
}
